@online{v204,
  title = {Versuch 105: Das Magnetische Moment},
  urldate = {2017-12-02},
  url ="http://129.217.224.2/HOMEPAGE/PHYSIKER/BACHELOR/AP/SKRIPT/MagneticTo.pdf"
}
